<?xml version="1.0" encoding="UTF-8"?><collection xmlns="http://www.loc.gov/MARC21/slim"><record><leader>00473nam--2200193-i-4500</leader><controlfield tag="001">000009442</controlfield><controlfield tag="002">20161230</controlfield><controlfield tag="005">20161230201028</controlfield><controlfield tag="008">060222s1000------------r-----000-0-eng-d</controlfield><datafield ind1=" " ind2=" " tag="020"><subfield code="a">0582320843</subfield></datafield><datafield ind1=" " ind2=" " tag="040"><subfield code="a">IFIN-HH</subfield></datafield><datafield ind1=" " ind2=" " tag="080"><subfield code="a">800.2</subfield></datafield><datafield ind1="1" ind2=" " tag="100"><subfield code="a">Palmer, Harold E</subfield></datafield><datafield ind1="1" ind2="0" tag="245"><subfield code="a">A grammar of english words</subfield><subfield code="c">Harold e. palmer</subfield></datafield><datafield ind1=" " ind2=" " tag="250"><subfield code="a">New Impression</subfield></datafield><datafield ind1=" " ind2=" " tag="260"><subfield code="a">London</subfield><subfield code="b">Longman</subfield><subfield code="c">1971</subfield></datafield><datafield ind1=" " ind2=" " tag="300"><subfield code="a">XVI+300P</subfield></datafield><datafield ind1=" " ind2=" " tag="852"><subfield code="a">35934</subfield><subfield code="c">4</subfield></datafield><datafield ind1=" " ind2=" " tag="CAT"><subfield code="a">Sys</subfield><subfield code="c">20130201</subfield><subfield code="h">114005</subfield></datafield></record></collection>